%YAML 1.1
%TAG !u! tag:unity3d.com,2011:
--- !u!1 &1530773644
GameObject:
  m_ObjectHideFlags: 0
  m_CorrespondingSourceObject: {fileID: 0}
  m_PrefabInstance: {fileID: 0}
  m_PrefabAsset: {fileID: 0}
  serializedVersion: 6
  m_Component:
  - component: {fileID: 1530773645}
  m_Layer: 0
  m_Name: AllParticles_Fire
  m_TagString: CandleLight
  m_Icon: {fileID: 0}
  m_NavMeshLayer: 0
  m_StaticEditorFlags: 0
  m_IsActive: 0
--- !u!4 &1530773645
Transform:
  m_ObjectHideFlags: 0
  m_CorrespondingSourceObject: {fileID: 0}
  m_PrefabInstance: {fileID: 0}
  m_PrefabAsset: {fileID: 0}
  m_GameObject: {fileID: 1530773644}
  m_LocalRotation: {x: 0, y: 0, z: 0, w: 1}
  m_LocalPosition: {x: 0, y: 0, z: 0}
  m_LocalScale: {x: 1, y: 1, z: 1}
  m_Children:
  - {fileID: 5279653532202347980}
  - {fileID: 5279653532568659986}
  - {fileID: 5279653532605953832}
  - {fileID: 5279653532598619359}
  - {fileID: 5279653533575752013}
  m_Father: {fileID: 6017059619974066044}
  m_RootOrder: 1
  m_LocalEulerAnglesHint: {x: 0, y: 0, z: 0}
--- !u!1 &1764198783
GameObject:
  m_ObjectHideFlags: 0
  m_CorrespondingSourceObject: {fileID: 0}
  m_PrefabInstance: {fileID: 0}
  m_PrefabAsset: {fileID: 0}
  serializedVersion: 6
  m_Component:
  - component: {fileID: 1764198784}
  - component: {fileID: 1764198786}
  - component: {fileID: 1764198785}
  - component: {fileID: 1512906438}
  m_Layer: 0
  m_Name: Point Light
  m_TagString: Untagged
  m_Icon: {fileID: 0}
  m_NavMeshLayer: 0
  m_StaticEditorFlags: 0
  m_IsActive: 1
--- !u!4 &1764198784
Transform:
  m_ObjectHideFlags: 0
  m_CorrespondingSourceObject: {fileID: 0}
  m_PrefabInstance: {fileID: 0}
  m_PrefabAsset: {fileID: 0}
  m_GameObject: {fileID: 1764198783}
  m_LocalRotation: {x: 0, y: 0, z: 0, w: 1}
  m_LocalPosition: {x: 0, y: 1.585, z: 0.086}
  m_LocalScale: {x: 1, y: 1, z: 1}
  m_Children: []
  m_Father: {fileID: 6017059619974066044}
  m_RootOrder: 0
  m_LocalEulerAnglesHint: {x: 0, y: 0, z: 0}
--- !u!108 &1764198786
Light:
  m_ObjectHideFlags: 0
  m_CorrespondingSourceObject: {fileID: 0}
  m_PrefabInstance: {fileID: 0}
  m_PrefabAsset: {fileID: 0}
  m_GameObject: {fileID: 1764198783}
  m_Enabled: 0
  serializedVersion: 10
  m_Type: 2
  m_Shape: 0
  m_Color: {r: 0.98039216, g: 0.7411765, b: 0.4392157, a: 1}
  m_Intensity: 1.5
  m_Range: 10
  m_SpotAngle: 30
  m_InnerSpotAngle: 21.80208
  m_CookieSize: 10
  m_Shadows:
    m_Type: 2
    m_Resolution: -1
    m_CustomResolution: -1
    m_Strength: 0.3
    m_Bias: 0.05
    m_NormalBias: 0.4
    m_NearPlane: 0.2
    m_CullingMatrixOverride:
      e00: 1
      e01: 0
      e02: 0
      e03: 0
      e10: 0
      e11: 1
      e12: 0
      e13: 0
      e20: 0
      e21: 0
      e22: 1
      e23: 0
      e30: 0
      e31: 0
      e32: 0
      e33: 1
    m_UseCullingMatrixOverride: 0
  m_Cookie: {fileID: 0}
  m_DrawHalo: 0
  m_Flare: {fileID: 0}
  m_RenderMode: 0
  m_CullingMask:
    serializedVersion: 2
    m_Bits: 4294967295
  m_RenderingLayerMask: 1
  m_Lightmapping: 4
  m_LightShadowCasterMode: 0
  m_AreaSize: {x: 1, y: 1}
  m_BounceIntensity: 1
  m_ColorTemperature: 6570
  m_UseColorTemperature: 0
  m_BoundingSphereOverride: {x: 0, y: 0, z: 0, w: 0}
  m_UseBoundingSphereOverride: 0
  m_ShadowRadius: 0
  m_ShadowAngle: 0
--- !u!65 &1764198785
BoxCollider:
  m_ObjectHideFlags: 0
  m_CorrespondingSourceObject: {fileID: 0}
  m_PrefabInstance: {fileID: 0}
  m_PrefabAsset: {fileID: 0}
  m_GameObject: {fileID: 1764198783}
  m_Material: {fileID: 0}
  m_IsTrigger: 1
  m_Enabled: 1
  serializedVersion: 2
  m_Size: {x: 0.068532944, y: 0.08558953, z: 0.053331375}
  m_Center: {x: 0.0015592575, y: -0.25032908, z: -0.08565998}
--- !u!114 &1512906438
MonoBehaviour:
  m_ObjectHideFlags: 0
  m_CorrespondingSourceObject: {fileID: 0}
  m_PrefabInstance: {fileID: 0}
  m_PrefabAsset: {fileID: 0}
  m_GameObject: {fileID: 1764198783}
  m_Enabled: 1
  m_EditorHideFlags: 0
  m_Script: {fileID: 11500000, guid: 15557d5924849af4bba75b71a4f20075, type: 3}
  m_Name: 
  m_EditorClassIdentifier: 
  tags: CandleLight
  m_candleLight: {fileID: 1764198783}
  m_particuleFire: {fileID: 0}
  soundLightUp: {fileID: 0}
  soundLit: {fileID: 0}
  lightOn: 0
--- !u!114 &2444823825743762248
MonoBehaviour:
  m_ObjectHideFlags: 0
  m_CorrespondingSourceObject: {fileID: 0}
  m_PrefabInstance: {fileID: 0}
  m_PrefabAsset: {fileID: 0}
  m_GameObject: {fileID: 5783036521428900330}
  m_Enabled: 1
  m_EditorHideFlags: 0
  m_Script: {fileID: 11500000, guid: 15557d5924849af4bba75b71a4f20075, type: 3}
  m_Name: 
  m_EditorClassIdentifier: 
  tags: CandleLight
  m_candleLight: {fileID: 1764198783}
  m_particuleFire: {fileID: 1530773644}
  soundLightUp: {fileID: 8300000, guid: 8666ae219b788cc4ebe5038583e89cc3, type: 3}
  soundLit: {fileID: 1512906446}
  lightOn: 0
--- !u!82 &1512906446
AudioSource:
  m_ObjectHideFlags: 0
  m_CorrespondingSourceObject: {fileID: 0}
  m_PrefabInstance: {fileID: 0}
  m_PrefabAsset: {fileID: 0}
  m_GameObject: {fileID: 5783036521428900330}
  m_Enabled: 1
  serializedVersion: 4
  OutputAudioMixerGroup: {fileID: 0}
  m_audioClip: {fileID: 0}
  m_PlayOnAwake: 0
  m_Volume: 1
  m_Pitch: 1
  Loop: 1
  Mute: 0
  Spatialize: 0
  SpatializePostEffects: 0
  Priority: 128
  DopplerLevel: 1
  MinDistance: 1
  MaxDistance: 500
  Pan2D: 0
  rolloffMode: 0
  BypassEffects: 0
  BypassListenerEffects: 0
  BypassReverbZones: 0
  rolloffCustomCurve:
    serializedVersion: 2
    m_Curve:
    - serializedVersion: 3
      time: 0
      value: 1
      inSlope: 0
      outSlope: 0
      tangentMode: 0
      weightedMode: 0
      inWeight: 0.33333334
      outWeight: 0.33333334
    - serializedVersion: 3
      time: 1
      value: 0
      inSlope: 0
      outSlope: 0
      tangentMode: 0
      weightedMode: 0
      inWeight: 0.33333334
      outWeight: 0.33333334
    m_PreInfinity: 2
    m_PostInfinity: 2
    m_RotationOrder: 4
  panLevelCustomCurve:
    serializedVersion: 2
    m_Curve:
    - serializedVersion: 3
      time: 0
      value: 1
      inSlope: 0
      outSlope: 0
      tangentMode: 0
      weightedMode: 0
      inWeight: 0.33333334
      outWeight: 0.33333334
    m_PreInfinity: 2
    m_PostInfinity: 2
    m_RotationOrder: 4
  spreadCustomCurve:
    serializedVersion: 2
    m_Curve:
    - serializedVersion: 3
      time: 0
      value: 0
      inSlope: 0
      outSlope: 0
      tangentMode: 0
      weightedMode: 0
      inWeight: 0.33333334
      outWeight: 0.33333334
    m_PreInfinity: 2
    m_PostInfinity: 2
    m_RotationOrder: 4
  reverbZoneMixCustomCurve:
    serializedVersion: 2
    m_Curve:
    - serializedVersion: 3
      time: 0
      value: 1
      inSlope: 0
      outSlope: 0
      tangentMode: 0
      weightedMode: 0
      inWeight: 0.33333334
      outWeight: 0.33333334
    m_PreInfinity: 2
    m_PostInfinity: 2
    m_RotationOrder: 4
--- !u!1001 &94884151
PrefabInstance:
  m_ObjectHideFlags: 0
  serializedVersion: 2
  m_Modification:
    m_TransformParent: {fileID: 1530773645}
    m_Modifications:
    - target: {fileID: 5279653533481498746, guid: 22a73079f416d9d41a42ddede8fd6e63, type: 3}
      propertyPath: m_RootOrder
      value: 4
      objectReference: {fileID: 0}
    - target: {fileID: 5279653533481498746, guid: 22a73079f416d9d41a42ddede8fd6e63, type: 3}
      propertyPath: m_LocalScale.x
      value: 0.40022
      objectReference: {fileID: 0}
    - target: {fileID: 5279653533481498746, guid: 22a73079f416d9d41a42ddede8fd6e63, type: 3}
      propertyPath: m_LocalScale.y
      value: 0.40022004
      objectReference: {fileID: 0}
    - target: {fileID: 5279653533481498746, guid: 22a73079f416d9d41a42ddede8fd6e63, type: 3}
      propertyPath: m_LocalScale.z
      value: 0.40022004
      objectReference: {fileID: 0}
    - target: {fileID: 5279653533481498746, guid: 22a73079f416d9d41a42ddede8fd6e63, type: 3}
      propertyPath: m_LocalPosition.x
      value: 0.23600006
      objectReference: {fileID: 0}
    - target: {fileID: 5279653533481498746, guid: 22a73079f416d9d41a42ddede8fd6e63, type: 3}
      propertyPath: m_LocalPosition.y
      value: 1.292
      objectReference: {fileID: 0}
    - target: {fileID: 5279653533481498746, guid: 22a73079f416d9d41a42ddede8fd6e63, type: 3}
      propertyPath: m_LocalPosition.z
      value: 0
      objectReference: {fileID: 0}
    - target: {fileID: 5279653533481498746, guid: 22a73079f416d9d41a42ddede8fd6e63, type: 3}
      propertyPath: m_LocalRotation.w
      value: 0.7071068
      objectReference: {fileID: 0}
    - target: {fileID: 5279653533481498746, guid: 22a73079f416d9d41a42ddede8fd6e63, type: 3}
      propertyPath: m_LocalRotation.x
      value: -0.7071068
      objectReference: {fileID: 0}
    - target: {fileID: 5279653533481498746, guid: 22a73079f416d9d41a42ddede8fd6e63, type: 3}
      propertyPath: m_LocalRotation.y
      value: -0
      objectReference: {fileID: 0}
    - target: {fileID: 5279653533481498746, guid: 22a73079f416d9d41a42ddede8fd6e63, type: 3}
      propertyPath: m_LocalRotation.z
      value: -0
      objectReference: {fileID: 0}
    - target: {fileID: 5279653533481498746, guid: 22a73079f416d9d41a42ddede8fd6e63, type: 3}
      propertyPath: m_LocalEulerAnglesHint.x
      value: -90
      objectReference: {fileID: 0}
    - target: {fileID: 5279653533481498746, guid: 22a73079f416d9d41a42ddede8fd6e63, type: 3}
      propertyPath: m_LocalEulerAnglesHint.y
      value: 0
      objectReference: {fileID: 0}
    - target: {fileID: 5279653533481498746, guid: 22a73079f416d9d41a42ddede8fd6e63, type: 3}
      propertyPath: m_LocalEulerAnglesHint.z
      value: 0
      objectReference: {fileID: 0}
    - target: {fileID: 7969027604573167944, guid: 22a73079f416d9d41a42ddede8fd6e63, type: 3}
      propertyPath: m_Name
      value: Particles_Fire_03 (4)
      objectReference: {fileID: 0}
    m_RemovedComponents: []
  m_SourcePrefab: {fileID: 100100000, guid: 22a73079f416d9d41a42ddede8fd6e63, type: 3}
--- !u!4 &5279653533575752013 stripped
Transform:
  m_CorrespondingSourceObject: {fileID: 5279653533481498746, guid: 22a73079f416d9d41a42ddede8fd6e63, type: 3}
  m_PrefabInstance: {fileID: 94884151}
  m_PrefabAsset: {fileID: 0}
--- !u!1001 &967364712
PrefabInstance:
  m_ObjectHideFlags: 0
  serializedVersion: 2
  m_Modification:
    m_TransformParent: {fileID: 1530773645}
    m_Modifications:
    - target: {fileID: 5279653533481498746, guid: 22a73079f416d9d41a42ddede8fd6e63, type: 3}
      propertyPath: m_RootOrder
      value: 1
      objectReference: {fileID: 0}
    - target: {fileID: 5279653533481498746, guid: 22a73079f416d9d41a42ddede8fd6e63, type: 3}
      propertyPath: m_LocalScale.x
      value: 0.40022
      objectReference: {fileID: 0}
    - target: {fileID: 5279653533481498746, guid: 22a73079f416d9d41a42ddede8fd6e63, type: 3}
      propertyPath: m_LocalScale.y
      value: 0.40022004
      objectReference: {fileID: 0}
    - target: {fileID: 5279653533481498746, guid: 22a73079f416d9d41a42ddede8fd6e63, type: 3}
      propertyPath: m_LocalScale.z
      value: 0.40022004
      objectReference: {fileID: 0}
    - target: {fileID: 5279653533481498746, guid: 22a73079f416d9d41a42ddede8fd6e63, type: 3}
      propertyPath: m_LocalPosition.x
      value: 0.0021
      objectReference: {fileID: 0}
    - target: {fileID: 5279653533481498746, guid: 22a73079f416d9d41a42ddede8fd6e63, type: 3}
      propertyPath: m_LocalPosition.y
      value: 1.328
      objectReference: {fileID: 0}
    - target: {fileID: 5279653533481498746, guid: 22a73079f416d9d41a42ddede8fd6e63, type: 3}
      propertyPath: m_LocalPosition.z
      value: 0
      objectReference: {fileID: 0}
    - target: {fileID: 5279653533481498746, guid: 22a73079f416d9d41a42ddede8fd6e63, type: 3}
      propertyPath: m_LocalRotation.w
      value: 0.7071068
      objectReference: {fileID: 0}
    - target: {fileID: 5279653533481498746, guid: 22a73079f416d9d41a42ddede8fd6e63, type: 3}
      propertyPath: m_LocalRotation.x
      value: -0.7071068
      objectReference: {fileID: 0}
    - target: {fileID: 5279653533481498746, guid: 22a73079f416d9d41a42ddede8fd6e63, type: 3}
      propertyPath: m_LocalRotation.y
      value: -0
      objectReference: {fileID: 0}
    - target: {fileID: 5279653533481498746, guid: 22a73079f416d9d41a42ddede8fd6e63, type: 3}
      propertyPath: m_LocalRotation.z
      value: -0
      objectReference: {fileID: 0}
    - target: {fileID: 5279653533481498746, guid: 22a73079f416d9d41a42ddede8fd6e63, type: 3}
      propertyPath: m_LocalEulerAnglesHint.x
      value: -90
      objectReference: {fileID: 0}
    - target: {fileID: 5279653533481498746, guid: 22a73079f416d9d41a42ddede8fd6e63, type: 3}
      propertyPath: m_LocalEulerAnglesHint.y
      value: 0
      objectReference: {fileID: 0}
    - target: {fileID: 5279653533481498746, guid: 22a73079f416d9d41a42ddede8fd6e63, type: 3}
      propertyPath: m_LocalEulerAnglesHint.z
      value: 0
      objectReference: {fileID: 0}
    - target: {fileID: 7969027604573167944, guid: 22a73079f416d9d41a42ddede8fd6e63, type: 3}
      propertyPath: m_Name
      value: Particles_Fire_03 (1)
      objectReference: {fileID: 0}
    m_RemovedComponents: []
  m_SourcePrefab: {fileID: 100100000, guid: 22a73079f416d9d41a42ddede8fd6e63, type: 3}
--- !u!4 &5279653532568659986 stripped
Transform:
  m_CorrespondingSourceObject: {fileID: 5279653533481498746, guid: 22a73079f416d9d41a42ddede8fd6e63, type: 3}
  m_PrefabInstance: {fileID: 967364712}
  m_PrefabAsset: {fileID: 0}
--- !u!1001 &1004647589
PrefabInstance:
  m_ObjectHideFlags: 0
  serializedVersion: 2
  m_Modification:
    m_TransformParent: {fileID: 1530773645}
    m_Modifications:
    - target: {fileID: 5279653533481498746, guid: 22a73079f416d9d41a42ddede8fd6e63, type: 3}
      propertyPath: m_RootOrder
      value: 3
      objectReference: {fileID: 0}
    - target: {fileID: 5279653533481498746, guid: 22a73079f416d9d41a42ddede8fd6e63, type: 3}
      propertyPath: m_LocalScale.x
      value: 0.40022
      objectReference: {fileID: 0}
    - target: {fileID: 5279653533481498746, guid: 22a73079f416d9d41a42ddede8fd6e63, type: 3}
      propertyPath: m_LocalScale.y
      value: 0.40022004
      objectReference: {fileID: 0}
    - target: {fileID: 5279653533481498746, guid: 22a73079f416d9d41a42ddede8fd6e63, type: 3}
      propertyPath: m_LocalScale.z
      value: 0.40022004
      objectReference: {fileID: 0}
    - target: {fileID: 5279653533481498746, guid: 22a73079f416d9d41a42ddede8fd6e63, type: 3}
      propertyPath: m_LocalPosition.x
      value: 0.0014
      objectReference: {fileID: 0}
    - target: {fileID: 5279653533481498746, guid: 22a73079f416d9d41a42ddede8fd6e63, type: 3}
      propertyPath: m_LocalPosition.y
      value: 1.287
      objectReference: {fileID: 0}
    - target: {fileID: 5279653533481498746, guid: 22a73079f416d9d41a42ddede8fd6e63, type: 3}
      propertyPath: m_LocalPosition.z
      value: 0.243
      objectReference: {fileID: 0}
    - target: {fileID: 5279653533481498746, guid: 22a73079f416d9d41a42ddede8fd6e63, type: 3}
      propertyPath: m_LocalRotation.w
      value: 0.7071068
      objectReference: {fileID: 0}
    - target: {fileID: 5279653533481498746, guid: 22a73079f416d9d41a42ddede8fd6e63, type: 3}
      propertyPath: m_LocalRotation.x
      value: -0.7071068
      objectReference: {fileID: 0}
    - target: {fileID: 5279653533481498746, guid: 22a73079f416d9d41a42ddede8fd6e63, type: 3}
      propertyPath: m_LocalRotation.y
      value: -0
      objectReference: {fileID: 0}
    - target: {fileID: 5279653533481498746, guid: 22a73079f416d9d41a42ddede8fd6e63, type: 3}
      propertyPath: m_LocalRotation.z
      value: -0
      objectReference: {fileID: 0}
    - target: {fileID: 5279653533481498746, guid: 22a73079f416d9d41a42ddede8fd6e63, type: 3}
      propertyPath: m_LocalEulerAnglesHint.x
      value: -90
      objectReference: {fileID: 0}
    - target: {fileID: 5279653533481498746, guid: 22a73079f416d9d41a42ddede8fd6e63, type: 3}
      propertyPath: m_LocalEulerAnglesHint.y
      value: 0
      objectReference: {fileID: 0}
    - target: {fileID: 5279653533481498746, guid: 22a73079f416d9d41a42ddede8fd6e63, type: 3}
      propertyPath: m_LocalEulerAnglesHint.z
      value: 0
      objectReference: {fileID: 0}
    - target: {fileID: 7969027604573167944, guid: 22a73079f416d9d41a42ddede8fd6e63, type: 3}
      propertyPath: m_Name
      value: Particles_Fire_03 (3)
      objectReference: {fileID: 0}
    m_RemovedComponents: []
  m_SourcePrefab: {fileID: 100100000, guid: 22a73079f416d9d41a42ddede8fd6e63, type: 3}
--- !u!4 &5279653532598619359 stripped
Transform:
  m_CorrespondingSourceObject: {fileID: 5279653533481498746, guid: 22a73079f416d9d41a42ddede8fd6e63, type: 3}
  m_PrefabInstance: {fileID: 1004647589}
  m_PrefabAsset: {fileID: 0}
--- !u!1001 &1011994450
PrefabInstance:
  m_ObjectHideFlags: 0
  serializedVersion: 2
  m_Modification:
    m_TransformParent: {fileID: 1530773645}
    m_Modifications:
    - target: {fileID: 5279653533481498746, guid: 22a73079f416d9d41a42ddede8fd6e63, type: 3}
      propertyPath: m_RootOrder
      value: 2
      objectReference: {fileID: 0}
    - target: {fileID: 5279653533481498746, guid: 22a73079f416d9d41a42ddede8fd6e63, type: 3}
      propertyPath: m_LocalScale.x
      value: 0.40022
      objectReference: {fileID: 0}
    - target: {fileID: 5279653533481498746, guid: 22a73079f416d9d41a42ddede8fd6e63, type: 3}
      propertyPath: m_LocalScale.y
      value: 0.40022004
      objectReference: {fileID: 0}
    - target: {fileID: 5279653533481498746, guid: 22a73079f416d9d41a42ddede8fd6e63, type: 3}
      propertyPath: m_LocalScale.z
      value: 0.40022004
      objectReference: {fileID: 0}
    - target: {fileID: 5279653533481498746, guid: 22a73079f416d9d41a42ddede8fd6e63, type: 3}
      propertyPath: m_LocalPosition.x
      value: -0.0069999695
      objectReference: {fileID: 0}
    - target: {fileID: 5279653533481498746, guid: 22a73079f416d9d41a42ddede8fd6e63, type: 3}
      propertyPath: m_LocalPosition.y
      value: 1.285
      objectReference: {fileID: 0}
    - target: {fileID: 5279653533481498746, guid: 22a73079f416d9d41a42ddede8fd6e63, type: 3}
      propertyPath: m_LocalPosition.z
      value: -0.2339
      objectReference: {fileID: 0}
    - target: {fileID: 5279653533481498746, guid: 22a73079f416d9d41a42ddede8fd6e63, type: 3}
      propertyPath: m_LocalRotation.w
      value: 0.7071068
      objectReference: {fileID: 0}
    - target: {fileID: 5279653533481498746, guid: 22a73079f416d9d41a42ddede8fd6e63, type: 3}
      propertyPath: m_LocalRotation.x
      value: -0.7071068
      objectReference: {fileID: 0}
    - target: {fileID: 5279653533481498746, guid: 22a73079f416d9d41a42ddede8fd6e63, type: 3}
      propertyPath: m_LocalRotation.y
      value: -0
      objectReference: {fileID: 0}
    - target: {fileID: 5279653533481498746, guid: 22a73079f416d9d41a42ddede8fd6e63, type: 3}
      propertyPath: m_LocalRotation.z
      value: -0
      objectReference: {fileID: 0}
    - target: {fileID: 5279653533481498746, guid: 22a73079f416d9d41a42ddede8fd6e63, type: 3}
      propertyPath: m_LocalEulerAnglesHint.x
      value: -90
      objectReference: {fileID: 0}
    - target: {fileID: 5279653533481498746, guid: 22a73079f416d9d41a42ddede8fd6e63, type: 3}
      propertyPath: m_LocalEulerAnglesHint.y
      value: 0
      objectReference: {fileID: 0}
    - target: {fileID: 5279653533481498746, guid: 22a73079f416d9d41a42ddede8fd6e63, type: 3}
      propertyPath: m_LocalEulerAnglesHint.z
      value: 0
      objectReference: {fileID: 0}
    - target: {fileID: 7969027604573167944, guid: 22a73079f416d9d41a42ddede8fd6e63, type: 3}
      propertyPath: m_Name
      value: Particles_Fire_03 (2)
      objectReference: {fileID: 0}
    m_RemovedComponents: []
  m_SourcePrefab: {fileID: 100100000, guid: 22a73079f416d9d41a42ddede8fd6e63, type: 3}
--- !u!4 &5279653532605953832 stripped
Transform:
  m_CorrespondingSourceObject: {fileID: 5279653533481498746, guid: 22a73079f416d9d41a42ddede8fd6e63, type: 3}
  m_PrefabInstance: {fileID: 1011994450}
  m_PrefabAsset: {fileID: 0}
--- !u!1001 &1413633462
PrefabInstance:
  m_ObjectHideFlags: 0
  serializedVersion: 2
  m_Modification:
    m_TransformParent: {fileID: 1530773645}
    m_Modifications:
    - target: {fileID: 5279653533481498746, guid: 22a73079f416d9d41a42ddede8fd6e63, type: 3}
      propertyPath: m_RootOrder
      value: 0
      objectReference: {fileID: 0}
    - target: {fileID: 5279653533481498746, guid: 22a73079f416d9d41a42ddede8fd6e63, type: 3}
      propertyPath: m_LocalScale.x
      value: 0.40022
      objectReference: {fileID: 0}
    - target: {fileID: 5279653533481498746, guid: 22a73079f416d9d41a42ddede8fd6e63, type: 3}
      propertyPath: m_LocalScale.y
      value: 0.40022004
      objectReference: {fileID: 0}
    - target: {fileID: 5279653533481498746, guid: 22a73079f416d9d41a42ddede8fd6e63, type: 3}
      propertyPath: m_LocalScale.z
      value: 0.40022004
      objectReference: {fileID: 0}
    - target: {fileID: 5279653533481498746, guid: 22a73079f416d9d41a42ddede8fd6e63, type: 3}
      propertyPath: m_LocalPosition.x
      value: -0.242
      objectReference: {fileID: 0}
    - target: {fileID: 5279653533481498746, guid: 22a73079f416d9d41a42ddede8fd6e63, type: 3}
      propertyPath: m_LocalPosition.y
      value: 1.278
      objectReference: {fileID: 0}
    - target: {fileID: 5279653533481498746, guid: 22a73079f416d9d41a42ddede8fd6e63, type: 3}
      propertyPath: m_LocalPosition.z
      value: 0
      objectReference: {fileID: 0}
    - target: {fileID: 5279653533481498746, guid: 22a73079f416d9d41a42ddede8fd6e63, type: 3}
      propertyPath: m_LocalRotation.w
      value: 0.7071068
      objectReference: {fileID: 0}
    - target: {fileID: 5279653533481498746, guid: 22a73079f416d9d41a42ddede8fd6e63, type: 3}
      propertyPath: m_LocalRotation.x
      value: -0.7071068
      objectReference: {fileID: 0}
    - target: {fileID: 5279653533481498746, guid: 22a73079f416d9d41a42ddede8fd6e63, type: 3}
      propertyPath: m_LocalRotation.y
      value: -0
      objectReference: {fileID: 0}
    - target: {fileID: 5279653533481498746, guid: 22a73079f416d9d41a42ddede8fd6e63, type: 3}
      propertyPath: m_LocalRotation.z
      value: -0
      objectReference: {fileID: 0}
    - target: {fileID: 5279653533481498746, guid: 22a73079f416d9d41a42ddede8fd6e63, type: 3}
      propertyPath: m_LocalEulerAnglesHint.x
      value: -90
      objectReference: {fileID: 0}
    - target: {fileID: 5279653533481498746, guid: 22a73079f416d9d41a42ddede8fd6e63, type: 3}
      propertyPath: m_LocalEulerAnglesHint.y
      value: 0
      objectReference: {fileID: 0}
    - target: {fileID: 5279653533481498746, guid: 22a73079f416d9d41a42ddede8fd6e63, type: 3}
      propertyPath: m_LocalEulerAnglesHint.z
      value: 0
      objectReference: {fileID: 0}
    - target: {fileID: 7969027604573167944, guid: 22a73079f416d9d41a42ddede8fd6e63, type: 3}
      propertyPath: m_Name
      value: Particles_Fire_03
      objectReference: {fileID: 0}
    m_RemovedComponents: []
  m_SourcePrefab: {fileID: 100100000, guid: 22a73079f416d9d41a42ddede8fd6e63, type: 3}
--- !u!4 &5279653532202347980 stripped
Transform:
  m_CorrespondingSourceObject: {fileID: 5279653533481498746, guid: 22a73079f416d9d41a42ddede8fd6e63, type: 3}
  m_PrefabInstance: {fileID: 1413633462}
  m_PrefabAsset: {fileID: 0}
--- !u!1001 &2506689970918273705
PrefabInstance:
  m_ObjectHideFlags: 0
  serializedVersion: 2
  m_Modification:
    m_TransformParent: {fileID: 0}
    m_Modifications:
    - target: {fileID: 8163177739721416149, guid: f3726d4704667db4d83efa8199e8449e, type: 3}
      propertyPath: m_RootOrder
      value: 0
      objectReference: {fileID: 0}
    - target: {fileID: 8163177739721416149, guid: f3726d4704667db4d83efa8199e8449e, type: 3}
      propertyPath: m_LocalPosition.x
      value: 3.11
      objectReference: {fileID: 0}
    - target: {fileID: 8163177739721416149, guid: f3726d4704667db4d83efa8199e8449e, type: 3}
      propertyPath: m_LocalPosition.y
      value: -0.0120001435
      objectReference: {fileID: 0}
    - target: {fileID: 8163177739721416149, guid: f3726d4704667db4d83efa8199e8449e, type: 3}
      propertyPath: m_LocalPosition.z
      value: 0.6
      objectReference: {fileID: 0}
    - target: {fileID: 8163177739721416149, guid: f3726d4704667db4d83efa8199e8449e, type: 3}
      propertyPath: m_LocalRotation.w
      value: 1
      objectReference: {fileID: 0}
    - target: {fileID: 8163177739721416149, guid: f3726d4704667db4d83efa8199e8449e, type: 3}
      propertyPath: m_LocalRotation.x
      value: -0
      objectReference: {fileID: 0}
    - target: {fileID: 8163177739721416149, guid: f3726d4704667db4d83efa8199e8449e, type: 3}
      propertyPath: m_LocalRotation.y
      value: -0
      objectReference: {fileID: 0}
    - target: {fileID: 8163177739721416149, guid: f3726d4704667db4d83efa8199e8449e, type: 3}
      propertyPath: m_LocalRotation.z
      value: -0
      objectReference: {fileID: 0}
    - target: {fileID: 8163177739721416149, guid: f3726d4704667db4d83efa8199e8449e, type: 3}
      propertyPath: m_LocalEulerAnglesHint.x
      value: 0
      objectReference: {fileID: 0}
    - target: {fileID: 8163177739721416149, guid: f3726d4704667db4d83efa8199e8449e, type: 3}
      propertyPath: m_LocalEulerAnglesHint.y
      value: 0
      objectReference: {fileID: 0}
    - target: {fileID: 8163177739721416149, guid: f3726d4704667db4d83efa8199e8449e, type: 3}
      propertyPath: m_LocalEulerAnglesHint.z
      value: 0
      objectReference: {fileID: 0}
    - target: {fileID: 8253114790470183747, guid: f3726d4704667db4d83efa8199e8449e, type: 3}
      propertyPath: m_Name
      value: Light_07 (10)
      objectReference: {fileID: 0}
    m_RemovedComponents: []
  m_SourcePrefab: {fileID: 100100000, guid: f3726d4704667db4d83efa8199e8449e, type: 3}
--- !u!1 &5783036521428900330 stripped
GameObject:
  m_CorrespondingSourceObject: {fileID: 8253114790470183747, guid: f3726d4704667db4d83efa8199e8449e, type: 3}
  m_PrefabInstance: {fileID: 2506689970918273705}
  m_PrefabAsset: {fileID: 0}
--- !u!4 &6017059619974066044 stripped
Transform:
  m_CorrespondingSourceObject: {fileID: 8163177739721416149, guid: f3726d4704667db4d83efa8199e8449e, type: 3}
  m_PrefabInstance: {fileID: 2506689970918273705}
  m_PrefabAsset: {fileID: 0}
